@online{eurostat,
url = {https://ec.europa.eu/eurostat/web/main/home},
title={Статистическая служба Европейского союза},
keyword={Евростат},
year={2020},
medium={Электронный ресурс},
urldate = {19.04.2020},
language = {english}
}

@online{tradingeconomics,
url = {https://tradingeconomics.com/serbia/gdp-growth},
title={Ресурс, предоставляющий курсы валют, индексы фондового рынка, доходности государственных облигаций и т.~д.},
keyword={ВВП},
year={2020},
medium={Электронный ресурс},
urldate = {19.04.2020},
language = {english}
}

@online{imf,
url = {https://www.imf.org/en/Countries/SRB#countrydata},
title={Сайт МВФ},
keyword={МВФ},
year={2020},
medium={Электронный ресурс},
urldate = {19.04.2020},
language = {english}
}
